

@article{DCC:Ustaoglu08,
	author    = {Berkant Ustaoglu},
	title     = {Obtaining a secure and efficient key agreement protocol from {(H)MQV}
	and {NAXOS}},
	journal   = {Des. Codes Cryptogr.},
	volume    = {46},
	number    = {3},
	pages     = {329--342},
	year      = {2008},
	url       = {https://doi.org/10.1007/s10623-007-9159-1},
	doi       = {10.1007/s10623-007-9159-1},
	timestamp = {Mon, 17 Jun 2019 13:43:01 +0200},
	biburl    = {https://dblp.org/rec/journals/dcc/Ustaoglu08.bib},
	bibsource = {dblp computer science bibliography, https://dblp.org}
}

@misc{EPRINT:BelDai20,
	author = {Mihir Bellare and Wei Dai},
	title = {The Multi-Base Discrete Logarithm Problem: Tight Reductions and Non-Rewinding Proofs for Schnorr Identification and Signatures},
	howpublished = {Cryptology ePrint Archive, Report 2020/416},
	year = {2020},
	note = {\url{https://eprint.iacr.org/2020/416}},
}

@ARTICLE{P1363,
	author={},
	journal={{IEEE} {Std} 1363-2000}, 
	title={{IEEE} {S}tandard {S}pecifications for {P}ublic-{K}ey {C}ryptography}, 
	year={2000},
	volume={},
	number={},
	pages={1-228},
	url       = {https://ieeexplore.ieee.org/document/891000}
}

@ARTICLE{TLS13,
	author={Eric Rescorla},
	journal={RFC 8446 (Proposed Standard}, 
	title={The {T}ransport {L}ayer {S}ecurity ({TLS}) {P}rotocol {V}ersion 1.3}, 
	year={2018},
	volume={},
	number={},
	pages={},
	url = {https://tools.ietf.org/html/rfc8446}
}

@ARTICLE{IKE98,
	author={D. Harkins and D. Carrel},
	journal={RFC 2409}, 
	title={The Internet Key Exchange ({IKE})}, 
	year={1998},
	volume={},
	number={},
	pages={},
	url = {https://www.ietf.org/rfc/rfc2409.txt}
}

@inproceedings{Menezes1995SomeNK,
  title={Some new key agreement protocols providing mutual implicit authentication},
  author={Alfred Menezes and Minghua Qu and Scott A. Vanstone},
  year={1995}
}

@article{MQV,
author = {Law, Laurie and Menezes, Alfred and Qu, Minghua and Solinas, Jerry and Vanstone, Scott},
title = {An {E}fficient {P}rotocol for {A}uthenticated {K}ey {A}greement},
year = {2003},
issue_date = {March 2003},
publisher = {Kluwer Academic Publishers},
address = {USA},
volume = {28},
number = {2},
issn = {0925-1022},
url = {https://doi.org/10.1023/A:1022595222606},
doi = {10.1023/A:1022595222606},
journal = {Des. Codes Cryptography},
month = mar,
pages = {119–134},
numpages = {16},
keywords = {authenticated key agreement, Diffie-Hellman, key confirmation, elliptic curves}
}


@inproceedings{SignalSpec16,
  title={The {X3DH} {K}ey {A}greement {P}rotocol},
  author={Moxie Marlinspike and Trevor Perrin},
  year={2016},
  url={https://signal.org/docs/specifications/x3dh/x3dh.pdf}
}


@inproceedings{JKRS20,
   author = {Tibor Jager and Eike Kiltz and Doreen Riepel and Sven Sch{\"a}ge},
   title = {{T}ightly-{S}ecure {A}uthenticated {K}ey {E}xchange, {R}evisited},
	booktitle = {Eurocrypt 2021},
	year={2021},
	url={https://ia.cr/2020/1279}
}



@misc{Noise,
	author = {Trevor Perrin},
	title = {The noise protocol framework},
	howpublished = {http://noiseprotocol.org/noise.html},
	year = {2017},
}



@article{GMLS02,
	author    = {Steven D. Galbraith and
	John Malone{-}Lee and
	Nigel P. Smart},
	title     = {Public key signatures in the multi-user setting},
	journal   = {Inf. Process. Lett.},
	volume    = {83},
	number    = {5},
	pages     = {263--266},
	year      = {2002},
	url       = {http://dx.doi.org/10.1016/S0020-0190(01)00338-6},
	doi       = {10.1016/S0020-0190(01)00338-6},
	timestamp = {Thu, 20 Nov 2003 14:02:27 +0100},
	biburl    = {http://dblp.uni-trier.de/rec/bib/journals/ipl/GalbraithMS02},
	bibsource = {dblp computer science bibliography, http://dblp.org}
}

@INPROCEEDINGS{ESP:RosMaiSch18,
	author={Rösler, Paul and Mainka, Christian and Schwenk, Jörg},
	booktitle={2018 IEEE European Symposium on Security and Privacy (EuroS P)}, 
	title={More is Less: On the End-to-End Security of Group Chats in Signal, WhatsApp, and Threema}, 
	year={2018},
	volume={},
	
	number={},
	
	pages={415-429},
	
	doi={10.1109/EuroSP.2018.00036}
}

